<record xmlns="http://www.loc.gov/MARC21/slim" xmlns:xsi="http://www.w3.org/2001/XMLSchema-instance" xsi:schemaLocation="http://www.loc.gov/MARC21/slim http://www.loc.gov/standards/marcxml/schema/MARC21slim.xsd"><leader>01989nam a2200433   4500</leader><controlfield tag="001">001677041</controlfield><controlfield tag="003">NNU</controlfield><controlfield tag="006">m        d        </controlfield><controlfield tag="007">cr cn |||m|||a</controlfield><controlfield tag="008">150223s1949    ua      ob    000 0 ara</controlfield><datafield ind1=" " ind2=" " tag="040"><subfield code="a">NNU</subfield><subfield code="b">eng</subfield><subfield code="e">rda</subfield><subfield code="c">NNU</subfield></datafield><datafield ind1="0" ind2="0" tag="050"><subfield code="a">B753.F33</subfield><subfield code="b">I5 1949</subfield></datafield><datafield ind1="0" ind2=" " tag="100"><subfield code="6">880-01</subfield><subfield code="a">F&#257;r&#257;b&#299;</subfield></datafield><datafield ind1="1" ind2="0" tag="245"><subfield code="6">880-02</subfield><subfield code="a">Ih&#803;s&#803;a&#772;&#700; al-&#699;ulu&#772;m /</subfield><subfield code="c">lil-Fa&#772;ra&#772;bi&#772; ; h&#803;aqqaqahu wa-qaddama lahu wa-&#699;allaqa &#699;alayhi &#699;Uthma&#772;n Ami&#772;n.</subfield></datafield><datafield ind1=" " ind2=" " tag="250"><subfield code="6">880-03</subfield><subfield code="a">al-T&#803;ab&#699;ah 2 muh&#803;aqqaqah.</subfield></datafield><datafield ind1=" " ind2=" " tag="260"><subfield code="6">880-04</subfield><subfield code="a">Mis&#803;r :</subfield><subfield code="b">Da&#772;r al-Fikr al-&#699;Arabi&#772;,</subfield><subfield code="c">1948 [i.e. 1949]</subfield></datafield><datafield ind1=" " ind2=" " tag="300"><subfield code="a">online resource (2, 141 pages)</subfield></datafield><datafield ind1=" " ind2=" " tag="336"><subfield code="a">text</subfield><subfield code="2">rdacontent</subfield></datafield><datafield ind1=" " ind2=" " tag="337"><subfield code="a">computer</subfield><subfield code="2">rdamedia</subfield></datafield><datafield ind1=" " ind2=" " tag="338"><subfield code="a">online resource</subfield><subfield code="2">rdacarrier</subfield></datafield><datafield ind1=" " ind2=" " tag="500"><subfield code="a">At head of title: Jama&#772;&#699;at Ih&#803;ya&#772;&#700; al-Falsafah.</subfield></datafield><datafield ind1=" " ind2=" " tag="500"><subfield code="a">Title on cover p. [4]: La statistique des sciences / Alfarabi.</subfield></datafield><datafield ind1=" " ind2=" " tag="500"><subfield code="a">Part of the Arabic Collections Online (ACO) project, contributed by New York Univeristy Libraries.</subfield></datafield><datafield ind1=" " ind2=" " tag="504"><subfield code="a">Includes bibliographical references.</subfield></datafield><datafield ind1=" " ind2=" " tag="533"><subfield code="a">Electronic reproduction.</subfield><subfield code="b">New York, N.Y. :</subfield><subfield code="c">New York University,</subfield><subfield code="d">2015.</subfield><subfield code="5">NNU</subfield></datafield><datafield ind1=" " ind2="0" tag="650"><subfield code="a">Classification of sciences.</subfield></datafield><datafield ind1=" " ind2="7" tag="650"><subfield code="a">Classification of sciences.</subfield><subfield code="2">fast</subfield><subfield code="0">(OCoLC)fst00863687</subfield></datafield><datafield ind1="1" ind2=" " tag="700"><subfield code="6">880-05</subfield><subfield code="a">Am&#299;n, &#699;Uthm&#257;n</subfield></datafield><datafield ind1="2" ind2=" " tag="710"><subfield code="a">New York University.</subfield><subfield code="b">Libraries.</subfield></datafield><datafield ind1="0" ind2=" " tag="730"><subfield code="a">Arabic Collections Online.</subfield></datafield><datafield ind1="0" ind2="8" tag="776"><subfield code="i">Print version:</subfield><subfield code="a">F&#257;r&#257;b&#299; 880-01</subfield><subfield code="t">Ih&#803;s&#803;a&#772;&#700; al-&#699;ulu&#772;m</subfield><subfield code="w">(NNU)001677041</subfield><subfield code="w">(DLC)   74211382</subfield></datafield><datafield ind1="4" ind2="0" tag="856"><subfield code="u">http://hdl.handle.net/2333.1/8931zfjq</subfield></datafield><datafield ind1="1" ind2=" " tag="880"><subfield code="6">100-01/</subfield><subfield code="a">&#1601;&#1575;&#1585;&#1575;&#1576;&#1610;.</subfield></datafield><datafield ind1="1" ind2="0" tag="880"><subfield code="6">245-02/</subfield><subfield code="a">&#1573;&#1581;&#1589;&#1575;&#1569; &#1575;&#1604;&#1593;&#1604;&#1608;&#1605;/</subfield><subfield code="c">&#1604;&#1604;&#1601;&#1575;&#1585;&#1575;&#1576;&#1610; &#1563;&#1581;&#1602;&#1602;&#1607; &#1608; &#1602;&#1583;&#1605; &#1604;&#1607; &#1608; &#1593;&#1604;&#1602; &#1593;&#1604;&#1610;&#1607; &#1593;&#1579;&#1605;&#1575;&#1606; &#1575;&#1605;&#1610;&#1606;.</subfield></datafield><datafield ind1=" " ind2=" " tag="880"><subfield code="6">250-03/</subfield><subfield code="a">&#1575;&#1604;&#1591;&#1576;&#1593;&#1577; 2 &#1605;&#1581;&#1602;&#1602;&#1577;.</subfield></datafield><datafield ind1=" " ind2=" " tag="880"><subfield code="6">260-04/</subfield><subfield code="a">&#1605;&#1589;&#1585;&#1563;</subfield><subfield code="b">&#1583;&#1575;&#1585; &#1575;&#1604;&#1601;&#1603;&#1585; &#1575;&#1604;&#1593;&#1585;&#1576;&#1610; &#1548;</subfield><subfield code="c">1948 [i.e. 1949]</subfield></datafield><datafield ind1="1" ind2=" " tag="880"><subfield code="6">700-05/</subfield><subfield code="a">&#1575;&#1605;&#1610;&#1606;&#1548; &#1593;&#1579;&#1605;&#1575;&#1606;.</subfield></datafield><datafield ind1=" " ind2=" " tag="959"><subfield code="a">NNU</subfield><subfield code="b">WEB</subfield><subfield code="c">GENI</subfield><subfield code="t">0</subfield><subfield code="m">Electronic access</subfield><subfield code="s">01</subfield></datafield><datafield ind1=" " ind2=" " tag="999"><subfield code="i">NNU_001677041</subfield><subfield code="s">nyu_aco000417</subfield></datafield></record>